@phdthesis{KHOA12,
	school       = "University of Sydney"
	author		 = "Nguyen Lu Dang Khoa",
	title	     = "Large Scale Anomaly Detection and Clustering Using Random Walks",
	year		 = "2012",
	month		 = "March"
}
@article{COYNE11,
	author		 = "Robin Pottathuparambil and Jack Coyne and Jeffrey Allred and William Lynch and Vincent Natoli",
	title		 = "Low-latency FPGA Based Financial Data Feed Handler",
	year		 = "2011",
	journal		 = "IEEE International Symposium on Field-Programmable Custom Computing Machines",
    pages        = "93-96"
}
@techreport{CHANDOLA07
    author       = "Varun Chandola and Arindam Banerjee and Vipin Kumar",
    title        = "Anomaly Detection: A Survey",
    institution  = "University of Minnesota",
    year         = "2007",
    month        = "August",
    address      = "4-192 EECS Building, 200 Union Street SE, Minneapolis MN 55455-0159, USA",
    note         = "See \url{http://www.cs.umn.edu/tech_reports_upload/tr2007/07-017.pdf}"
}
@misc{BERKELEY99,
    author       = "University of California, Berkeley"
    title        = "Graph Partitioning, Part 2",
    howpublished = "\url{http://www.cs.berkeley.edu/~demmel/cs267/lecture20/lecture20.html}",
    year         = "1999",
    month        = "April"
}
@misc{PATI11,
    author       = "Sukanta Pati",
    title        = "Laplacian matrix of a graph",
    year         = "2011",
    howpublished = "\url{http://www.lix.polytechnique.fr/~schwander/resources/mig/slides/pati.pdf}"
}
